@Online{BMS,
title = {Zarządzanie budynkiem BMS, SMS},
organization = {Automatyka budynkowa},
year = {2016},
url={http://www.automatyka-budynkowa.com/produkty/kat/12/},
urldate={2016-21-29},
}

@inproceedings{MS,
	author = {Maxim Shchekotov},
	title = {Indoor Localization Method Based on Wi-Fi Trilateration Technique},
	date = {2014},
	OPTeventtitle = {16th FRUCT Conference in Oulu, Finland},
	OPTeventdate = {27-31 of October 2014},
}

@thesis{MIR,
	author = {Maria Isabel Ribeiro},
	title = {Gaussian Probability Density Functions:
	Properties and Error Characterization},
	institution = {Institute for Systems and Robotics
	Instituto Superior Tcnico},
	date = {February 2004},
}

@book{GMBF,
	author = {Guoqiang Mao and Barış Fidan},
	title = {Localization Algorithms and Strategies for Wireless Sensor Networks},
	date = {2009},	
	OPTpages = {137--138},
}

@incollection{TDECHN,
	author = {Trung-Kien Dao and Eric Castelli and Hung-Long Nguyen},
	title = {Home Appliance Control System Based on Robust Indoor User Localization using Wifi Signals},
	booktitle = {Proceedings of International Conference on Human Machine Interaction 2013},
	date = {2013},
}

@book{JK,
	author = {Jan Kraaier},
	title = {Modeling User Mobility for the Simulation of Wireless Ad Hoc Access Networks},
	date = {2008},
	OPTpages = {35--40},
}

@proceedings{MT,
	editor = {Murat Torlak},
	title = {Path Loss},
	date = {2008},	
	OPTeventtitle = {EE4367 Telecom. Switching & Transmission},
	OPTurl = {https://www.utdallas.edu/~torlak/courses/ee4367/lectures/lectureradio.pdf},
	OPTurldate = {2016-12-30},
}

@book{YX,
	author = {Yaqian Xu},
	title = {Autonomous Indoor Localization Using Unsupervised Wi-Fi},
	date = {2016},
	OPTpages = {30--32},
}

@thesis{ST,
	author = {Simon Takens},
	title = {Indoor location tracking using Signal Strength Pinpoints},
	type = {Master of Science Thesis},
	institution = {University of Groningen },
	date = {2010},	
}

@online{ML,
	ALTauthor = {Małgorzata Langer},
	title = {WPROWADZENIE DO TELEKOMUNIKACJI Część II},
	date = {2016},
	url = {http://eletel.p.lodz.pl/mlanger/telek/file-No.2.pdf},
	OPTurldate = {2016-12-30},
}

@online{AG,
	title = {Antenna Gain},
	date = {2009},
	url = {http://www.antenna-theory.com/basics/gain.php},
	OPTurldate = {2016-12-30},
}

@online{FMC,
	title = {Fade Margin / System Operating Margin Calculator},
	date = {2016},
	url = {http://www.invictusnetworks.com/faq/RF%20Technical%20Info%20and%20FCC%20Regs/Fade%20Margin%20Calculator%20-%20Basic.htm},
	OPTurldate = {2016-12-30},
}

@online{RFM,
	title = {Radio Fade Margin},
	date = {2016},
	url = {http://www.radius.net/eng/services/radio-networking-tools/radio-fade-margin/},
	OPTurldate = {2016-12-30},
}

@book{RSC,
	author = {Ian Robertson and Nutapong Somjit and Mitchai Chongcheawchamnan},
	title = {Microwave and Millimetre-Wave Design for Wireless Communications},
	date = {2016},
	OPTpages = {27},
}

@article{AMMC,
	author = {Anupam Mahajan and Madhur Chanana},
	title = {Wi-Fi Localization	using RSSI in Indoor Environment via a 	smartphone},
	journaltitle = {International Journal Of Engineering And Computer Science ISSN:2319-7242	Volume1 Issue 2},
	date = {2012},
}

@online{ADBR,
	title = {Android Classes: Broadcast Receiver},
	date = {2016},
	url = {https://developer.android.com/reference/android/content/BroadcastReceiver.html},
	OPTurldate = {2016-12-30},
}

@online{EN,
	title = {Free Space Radio Propagation and Path Loss},
	date = {2016},
	url = {https://www.electronics-notes.com/articles/antennas-propagation/propagation-overview/free-space-path-loss.php},
}

@inproceedings{SPPLM,
	author = {Andrea Goldsmith},
	title = {Signal Propagation and Path Loss Models},
	booktitle = {EE359, Wireless Communications},
	date = {2016},
}

@online{TPL,
	title = {Distance calculation - related formula},
	date = {2016},
	url = {http://www.tplink.com/ie/support/calculator/},
	OPTurldate = {2016-12-30},
}

@online{NET,
	title = {.NET Platform Guide},
	date = {2016},
	url = {https://docs.microsoft.com/en-us/dotnet/articles/standard/index},
	OPTurldate = {2016-12-30},
}

@book{ASP,
	author = {Jess Chadwick and Todd Snyder and Hrusikesh Panda},
	title = {Programming ASP.NET MVC 4: Developing Real-World Web Application with ASP.NET MVC},
	date = {2012},
}


@book{FS,
	author = {Chris Smith},
	title = {Programming F\#},
	date = {2010},
}

@online{XAM,
	title = {Xamarin Plarform - C\# on Android, iOS, Mac \& Windows},
	date = {2016},
	url = {https://www.xamarin.com/platform},
	OPTurldate = {2016-12-30},
}

@online{FSPL,
	title = {Free Space Loss},
	data = {2016},	
	url = {http://www.idc-online.com/technical_references/pdfs/electronic_engineering/Free_Space_Loss.pdf},
}

@article{BLUE,
	author = {Ramsey Faragher and Robert Harle},
	title = {An Analysis of the Accuracy of Bluetooth Low Energy for Indoor Positioning Applications},
	journaltitle = {Proceedings of the 27th International Technical Meeting of The Satellite Division of the Institute of Navigation},
	date = {2014},
	OPTurl = {http://smedia.ust.hk/james/projects/people_aware_smart_city_applications/paper/1.pdf},
}

@article{BECM,
	author = {Tuan Anh Nguyen and Marco Aiello},
	title = {Energy intelligent buildings based on user activity},
	journaltitle = {Energy and Buildings 56},
	date = {2013},
}
















